@PREAMBLE{
 "\providecommand{\noopsort}[1]{}" 
 # "\providecommand{\singleletter}[1]{#1}%" 
}
@article{kumar2017air,
  keywords = {Notself},
  title={Air entrainment driven by a converging rotational field in a viscous liquid},
  author={Kumar, Parmod and Das, Arup K and Mitra, Sushanta K},
  journal={Physics of Fluids},
  volume={29},
  number={10},
  pages={102104},
  year={2017},
  publisher={AIP Publishing}
}
@article{kumar2017bending,
keywords = {Notself},
  title={Bending and growth of entrained air filament under converging and asymmetric rotational fields},
  author={Kumar, Parmod and Das, Arup K and Mitra, Sushanta K},
  journal={Physics of Fluids},
  volume={29},
  number={2},
  pages={022101},
  year={2017},
  publisher={AIP Publishing}
}
@article{kumar2016physical,
keywords = {Notself},
  title={Physical understanding of gas-liquid annular flow and its transition to dispersed droplets},
  author={Kumar, Parmod and Das, Arup Kumar and Mitra, Sushanta K},
  journal={Physics of Fluids},
  volume={28},
  number={7},
  pages={072101},
  year={2016},
  publisher={AIP Publishing}
}
@article{da1954notebooks,
keywords = {Notself},
	title={The Notebooks of Leonardo da Vinci},
	author={Da Vinci, Leonardo},
	journal={Trans: E MacCurdy, (New York: George Brazillier)},
	pages={756},
	year={1508}
}
@article{chen2013high,
keywords = {Notself},
	title={High-fidelity simulations of impinging jet atomization},
	author={X. Chen and D. Ma and V. Yang and S. Popinet},
	journal={Atomization and Sprays},
	volume={23},
	number={12},
	year={2013},
	publisher={Begel House Inc.}
}

@article{Popinet2003,
keywords = {Notself},
	title={Gerris: a tree-based adaptive solver for the incompressible Euler equations in complex geometries},
	author={S. Popinet},
	journal={Journal of Computational Physics},
	volume={190},
	number={2},
	pages={572--600},
	year={2003},
	publisher={Elsevier}
}

@article{popinet2009,
keywords = {Notself},
	title={An accurate adaptive solver for surface-tension-driven interfacial flows},
	author={S. Popinet},
	journal={Journal of Computational Physics},
	volume={228},
	number={16},
	pages={5838--5866},
	year={2009},
	publisher={Elsevier}
}

@article{Chorin1968,
keywords = {Notself},
	title={Numerical solution of the Navier-Stokes equations},
	author={A. J. Chorin},
	journal={Mathematics of Computation},
	volume={22},
	number={104},
	pages={745--762},
	year={1968}
}
@article{bell1989second,
keywords = {Notself},
	title={A second-order projection method for the incompressible Navier-Stokes equations},
	author={J. B. Bell and P. Colella and H. M. Glaz},
	journal={Journal of Computational Physics},
	volume={85},
	number={2},
	pages={257--283},
	year={1989},
	publisher={Elsevier}
}
@article{hasson1964thickness,
keywords = {Notself},
	title={Thickness distribution in a sheet formed by impinging jets},
	author={D. Hasson and R. E. Peck},
	journal={AIChE Journal},
	volume={10},
	number={5},
	pages={752--754},
	year={1964},
	publisher={Wiley Online Library}
}
@article{ling2015multiscale,
keywords = {Notself},
	title={Multiscale simulation of atomization with small droplets represented by a Lagrangian point-particle model},
	author={Y. Ling and S. Zaleski and R. Scardovelli},
	journal={International Journal of Multiphase Flow},
	volume={76},
	pages={122--143},
	year={2015},
	publisher={Elsevier}
}

@article{bush2004collision,
keywords = {Notself},
	title={On the collision of laminar jets: fluid chains and fishbones},
	author={J. W. M. Bush and A. E. Hasha},
	journal={Journal of Fluid Mechanics},
	volume={511},
	pages={285--310},
	year={2004},
	publisher={Cambridge Univ Press}
}
@article{eggers2008physics,
keywords = {Notself},
	title={Physics of liquid jets},
	author={J. Eggers and E. Villermaux},
	journal={Reports on Progress in Physics},
	volume={71},
	number={3},
	pages={036601},
	year={2008},
	publisher={IOP Publishing}
}

@article{rayleigh1879capillary,
keywords = {Notself},
	title={On the capillary phenomena of jets},
	author={Rayleigh, Lord},
	journal={Proceedings of the Royal Society of London},
	volume={29},
	number={196-199},
	pages={71--97},
	year={1879}
}
@article{rayleigh1889tension,
keywords = {Notself},
	title={On the tension of recently formed liquid surfaces},
	author={Rayleigh, Lord},
	journal={Proceedings of the Royal Society of London},
	volume={47},
	number={286-291},
	pages={281--287},
	year={1889},
	publisher={The Royal Society}
}
@article{wadhwa2013noncoalescence,
keywords = {Notself},
	title={Noncoalescence in the oblique collision of fluid jets},
	author={N. Wadhwa and P. Vlachos and S. Jung},
	journal={Physical review letters},
	volume={110},
	number={12},
	pages={124502},
	year={2013},
	publisher={APS}
}
@article{yang2014liquid,
keywords = {Notself},
	title={Liquid sheet formed by impingement of two viscous jets},
	author={L.-J. Yang and F. Zhao and Q.-F. Fu and K.-D.Cui},
	journal={Journal of Propulsion and Power},
	volume={30},
	number={4},
	pages={1016--1026},
	year={2014},
	publisher={American Institute of Aeronautics and Astronautics}
}
@article{bremond2006atomization,
keywords = {Notself},
	title={Atomization by jet impact},
	author={N. Bremond and E. Villermaux},
	journal={Journal of Fluid Mechanics},
	volume={549},
	pages={273--306},
	year={2006},
	publisher={Cambridge Univ Press}
}
@article{villermaux2002life,
keywords = {Notself},
	title={Life of a flapping liquid sheet},
	author={E. Villermaux and C. Clanet},
	journal={Journal of Fluid Mechanics},
	volume={462},
	pages={341--363},
	year={2002},
	publisher={Cambridge Univ Press}
}
@article{ibrahim1991impinging,
keywords = {Notself},
	title={Impinging jets atomization},
	author={E. A. Ibrahim and A. J. Przekwas},
	journal={Physics of Fluids A: Fluid Dynamics},
	volume={3},
	number={12},
	pages={2981--2987},
	year={1991},
	publisher={AIP}
}
@article{taylor1960formation,
keywords = {Notself},
	title={Formation of thin flat sheets of water},
	author={G. Taylor},
	journal={Proceedings of the Royal Society of London A: Mathematical, Physical and Engineering Sciences},
	volume={259},
	number={1296},
	pages={1--17},
	year={1960},
	organization={The Royal Society}
}
@article{choo2007effect,
keywords = {Notself},
	title={The effect of jet velocity profile on the characteristics of thickness and velocity of the liquid sheet formed by two impinging jets},
	author={Y. J. Choo and B. S. Kang},
	journal={Physics of Fluids},
	volume={19},
	number={11},
	pages={112101},
	year={2007},
	publisher={AIP}
}
@article{choo2002velocity,
keywords = {Notself},
	title={The velocity distribution of the liquid sheet formed by two low-speed impinging jets},
	author={Y. J. Choo and B. S. Kang},
	journal={Physics of Fluids},
	volume={14},
	number={2},
	pages={622--627},
	year={2002},
	publisher={AIP}
}

@article{choo2001parametric,
keywords = {Notself},
	title={Parametric study on impinging-jet liquid sheet thickness distribution using an interferometric method},
	author={Y. J. Choo and B. S. Kang},
	journal={Experiments in Fluids},
	volume={31},
	number={1},
	pages={56--62},
	year={2001},
	publisher={Springer}
}
@article{da2016surface,
keywords = {Notself},
	title={Surface-only liquids},
	author={F. Da and D. Hahn and C. Batty and C. Wojtan and E. Grinspun},
	journal={ACM Transactions on Graphics (TOG)},
	volume={35},
	number={4},
	pages={78},
	year={2016},
	publisher={ACM}
}
@article{clanet2002life,
keywords = {Notself},
  title={Life of a smooth liquid sheet},
  author={Clanet, Christophe and Villermaux, Emmanuel},
  journal={Journal of fluid mechanics},
  volume={462},
  pages={307--340},
  year={2002},
  publisher={Cambridge University Press}
}
@inproceedings{inoue2008study,
keywords = {Notself},
	title={Study on atomization process of liquid sheet formed by impinging jets},
	author={C. Inoue and T. Watanabe and T. Himeno},
	booktitle={44th AIAA/ASME/SAE/ASEE Joint Propulsion Conference \& Exhibit},
	pages={4847},
	year={2008}
}
@inproceedings{inoue2009liquid,
keywords = {Notself},
	title={Liquid sheet dynamics and primary breakup characteristics at impingement type injector},
	author={C. Inoue and T. Watanabe and T. Himeno},
	booktitle={45th AIAA/ASME/SAE/ASEE Joint Propulsion Conference \& Exhibit},
	pages={5041},
	year={2009}
}
@article{poulikakos1998thickness,
keywords = {Notself},
	title={Thickness variation of a liquid sheet formed by two impinging jets using holographic interferometry},
	author={Y. B. Shen and D. Poulikakos},
	journal={ASME Journal of Fluids Engineering},
	volume={120},
	number={3},
	pages={482--487},
	year={1998}
}
@article{ekimova2015liquid,
keywords = {Notself},
	title={A liquid flatjet system for solution phase soft-x-ray spectroscopy},
	author={M. Ekimova and W. Quevedo and M. Faubel and P. Wernet and E. T. J. Nibbering},
	journal={Structural Dynamics},
	volume={2},
	number={5},
	pages={054301},
	year={2015},
	publisher={ACA}
}
@article{inamura2014effect,
keywords = {Notself},
	title={Effect of velocity profile of impinging jets on sheet characteristics formed by impingement of two round liquid jets},
	author={T. Inamura and M. Shirota},
	journal={International Journal of Multiphase Flow},
	volume={60},
	pages={149--160},
	year={2014},
	publisher={Elsevier}
}
@article{erni2013free,
keywords = {Notself},
	title={Free impinging jet microreactors: controlling reactive flows via surface tension and fluid viscoelasticity},
	author={P. Erni and A. Elabbadi},
	journal={Langmuir},
	volume={29},
	number={25},
	pages={7812--7824},
	year={2013},
	publisher={ACS Publications}
}
@article{lhuissier2011destabilization,
keywords = {Notself},
	title={The destabilization of an initially thick liquid sheet edge},
	author={Lhuissier, Henri and Villermaux, Emmanuel},
	journal={Physics of Fluids},
	volume={23},
	number={9},
	pages={091705},
	year={2011},
	publisher={AIP}
}