@PREAMBLE{
 "\providecommand{\noopsort}[1]{}" 
 # "\providecommand{\singleletter}[1]{#1}%" 
}
@article{agarwal2016investigation,
keywords = {self6},
  title={Investigation of Flame and Soot Propagation in Non-Air Conditioned Railway Locomotives},
  author={Agarwal, Abhishek and Sarda, Manoj and Kaushik, Juhi and \textbf{Sanjay, V.} and Das, Arup Kumar},
  journal={World Academy of Science, Engineering and Technology, International Journal of Energy and Power Engineering},
  volume={3},
  number={9},
  year={2016}
}
@article{sarda2016numerical,
keywords = {self6},
  title={Numerical Simulations of Fire in Typical Air Conditioned Railway Coach},
  author={Sarda, Manoj and Agarwal, Abhishek and Kaushik, Juhi and \textbf{Sanjay, V.} and Das, Arup Kumar},
  journal={World Academy of Science, Engineering and Technology, International Journal of Computer, Electrical, Automation, Control and Information Engineering},
  volume={10},
  number={9},
  pages={1666--1673},
  year={2016}
}
@article{kaushik2016study,
keywords = {self6},
  title={Study of Fire Propagation and Soot Flow in a Pantry Car of Railway Locomotive},
  author={Kaushik, Juhi and Agarwal, Abhishek and Sarda, Manoj and \textbf{Sanjay, V.} and Das, Arup Kumar},
  journal={World Academy of Science, Engineering and Technology, International Journal of Mechanical, Aerospace, Industrial, Mechatronic and Manufacturing Engineering},
  volume={10},
  number={9},
  pages={1696--1701},
  year={2016}
}
@article{f,
keywords = {self6},
title={Building Fire Safety: Numerical Simulation and Evacuation Planning},
author={\textbf{Sanjay, V.} and Das, A. K.},
journal={14th International Conference of the International Building Performance Simulation Association},
volume = {},
number = {},
pages = {},
year={2015},
}
@article{datta2016,
keywords = {self6},
title={Investigation of Jet Atomization -A Multi-scale Approach},
author={Datta, S. and \textbf{Sanjay, V.} and Kumar, P. and Das, A. K.},
journal={Paper ID: 218, 44th National Conference on Fluid Mechanics and Fluid Power},
volume = {},
number = {},
pages = {},
year={2016},
}
@article{e,
keywords = {self6},
title={On the Numerical Simulations of Kitchen Sink Vortex},
author={\textbf{Sanjay, V.} and Das, A. K.},
journal={Paper ID: 217, 44th National Conference on Fluid Mechanics and Fluid Power},
volume = {},
number = {},
pages = {},
year={2016},
}
@article{c,
keywords = {self6},
author={Rathia, S. K. and \textbf{Sanjay, V.} and Das, A. K.},
title={Extent of fire spread during interaction of two ignition points},
journal={Paper ID: 65, 44th National Conference on Fluid Mechanics and Fluid Power},
volume = {},
number = {},
pages = {},
year={2017},
}
@article{a,
keywords = {self6},
title={Study of fire propagation in the presence of patterned flammable obstructions},
author={Rathia, S. K. and \textbf{Sanjay, V.} and Das, A. K.},
journal={Paper ID: IHMTC2017-04-0814, 24th National and 2nd International ISHMT-ASTFE Heat and Mass Transfer Conference},
volume = {},
number = {},
pages = {},
year={2017},
}

@article{b,
keywords = {self6},
title={Spatial preference of film growth in boiling and localized suppression of bubble release},
author={\textbf{Sanjay, V.} and  Darshan M. B. and Kumar P. and Das, A. K.},
journal={Paper ID: IHMTC2017-09-1283, 24th National and 2nd International ISHMT-ASTFE Heat and Mass Transfer Conference},
volume = {},
number = {},
pages = {},
year={2017},
}

@article{sanjay2018numerical,
  keywords = {self4},
  title={Numerical assessment of hazard in compartmental fire having steady heat release rate from the source},
  author = {\textbf{Sanjay, V.} and Das, A. K.},
  journal={Building Simulation, \textbf{Impact Factor = 1.170},},
  volume={11},
  number={3},
  pages={613--624},
  year={2018},
  organization={Springer}
}

@article{raithai2018numerical,
  keywords = {self5},
  title={Numerical understanding of fire in patterned obstructions: effect of spacing, multi-point ignition, and wind speed},
  author = {Rathia, S. K. and \textbf{Sanjay, V.} and Das, A. K.},
  journal={Under Review},
  volume={},
  number={},
  pages={},
  year={},
  organization={}
}

@article{vatsal2017a,
keywords = {self1},
author = {\textbf{Sanjay, V.} and Das, A. K.},
title = {Formation of liquid chain by collision of two laminar jets},
journal = {Physics of Fluids, \textbf{Impact Factor = 2.232},},
volume = {29},
number = {11},
pages = {112101},
year = {2017},
doi = {10.1063/1.4998288},
}
@article{vatsal2017b,
keywords = {self1},
author = {\textbf{Sanjay, V.} and Das, A. K.},
title = {On air entrainment in a water pool by impingement of a jet},
journal = {AIChE Journal, \textbf{Impact Factor = 2.836},},
volume = {63},
number = {11},
pages = {5169--5181},
year = {2017},
doi = {10.1002/aic.15828},
}
@article{anurag2017a,
keywords = {self3},
author={Soni, A. and \textbf{Sanjay, V.} and Das, A. K.},
title={Consequences of interaction between asymmetric liquid jets},
journal={Paper ID: 64, 44th National Conference on Fluid Mechanics and Fluid Power},
volume = {},
number = {},
pages = {},
year={2017},
}
@article{abhinav2017a,
keywords = {self3},
author={Jain, A. and \textbf{Sanjay, V.} and Das, A. K.},
title={Asymmetry in air entrainment inside liquid pool due to impingement of an inclined jet},
journal={Paper ID: IHMTC2017-13-0828; 24th National and 2nd International ISHMT-ASTFE Heat and Mass Transfer Conference},
volume = {},
number = {},
pages = {},
year={2017},
}
@article{abhinav2017b,
keywords = {self3},
author={Jain, A. and \textbf{Sanjay, V.} and Das, A. K.},
title={Interaction of bubble clusters formed due to adjacent impingement of liquid jets in a pool},
journal={Paper ID: 68, 44th National Conference on Fluid Mechanics and Fluid Power},
volume = {},
number = {},
pages = {},
year={2017},
}
@article{vatsal2016,
keywords = {self3},
title={On the gas-liquid entrainment by impingement of liquid jet onto a pool},
author={\textbf{Sanjay, V.} and Das, A. K.},
journal={Paper ID: 50, 9th International Conference on Multiphase Flow},
volume = {},
number = {},
pages = {},
year={2016},
}
@article{aggarwal2016,
keywords = {self3},
title={Generation of a liquid sheet by an oblique impingement of interacting jets: a numerical investigation},
author={Aggarwal, A. and \textbf{Sanjay, V.} and Kumar, P. and Das, A. K.},
journal={Paper ID: 267, Proceedings of Chemcon},
volume = {},
number = {},
pages = {},
year={2016},
}
@article{vatsal2015,
keywords = {self3},
title={Bubble life cycle during entrainment by Jet impingment in liquid pool},
author={\textbf{Sanjay, V.} and Das, A. K.},
journal={ID FM-052, Proceedings of Chemcon},
volume = {},
number = {},
pages = {},
year={2015},
}
@article{vatsal2018a,
keywords = {self2},
author = {Soni, A. and \textbf{Sanjay, V.} and Das, A. K.},
title = {Formation of fluid structures due to jet-jet and jet-sheet interactions},
journal = {Chemical Engineering Science, \textbf{Impact factor= 2.895}.},
volume = {},
number = {},
pages = {},
year = {2018},
}
@article{vatsal2018b,
keywords = {self2},
author = {Jain, A. and \textbf{Sanjay, V.} and Das, A. K.},
title = {Consequences of inclined and dual jet impingement in stagnant liquid and stratified layers},
journal = {AIChE Journal, \textbf{Impact Factor = 2.836}.},
volume = {},
number = {},
pages = {},
year = {2018},
}